<?xml version="1.0" encoding="UTF-8"?><collection xmlns="http://www.loc.gov/MARC21/slim"><record><leader>00364nam--2200133-i-4500</leader><controlfield tag="001">000038987</controlfield><controlfield tag="002">20161230</controlfield><controlfield tag="005">20161230201042</controlfield><controlfield tag="008">060222s1000------------r-----000-0-eng-d</controlfield><datafield ind1=" " ind2=" " tag="080"><subfield code="a">550.34+03.20=590</subfield></datafield><datafield ind1=" " ind2=" " tag="100"><subfield code="a">Eichter,C. Si Gutenberg,B</subfield></datafield><datafield ind1=" " ind2=" " tag="245"><subfield code="a">Seismicitatea pamintului</subfield></datafield><datafield ind1=" " ind2=" " tag="260"><subfield code="a">Bucuresti, Ed.De Stat Pentru Literatura Straina, 1948. 197 P</subfield></datafield><datafield ind1=" " ind2=" " tag="852"><subfield code="a">47812</subfield></datafield></record></collection>